<record><leader>00000cas a2200000 a 4500</leader><controlfield tag="001">27483850</controlfield><controlfield tag="008">930223c19889999vauwr ne      0   a0vie c</controlfield><datafield ind1=" " ind2=" " tag="010"><subfield code="a">sn 93002411 </subfield></datafield><datafield ind1=" " ind2=" " tag="040"><subfield code="a">NSD</subfield><subfield code="b">eng</subfield><subfield code="c">NSD</subfield><subfield code="d">NYS</subfield><subfield code="d">OCLCQ</subfield><subfield code="d">OCLCO</subfield></datafield><datafield ind1=" " ind2=" " tag="012"><subfield code="l">1</subfield></datafield><datafield ind1="0" ind2=" " tag="022"><subfield code="a">1068-1426</subfield><subfield code="l">1068-1426</subfield><subfield code="2">1</subfield></datafield><datafield ind1="1" ind2=" " tag="029"><subfield code="a">AU@</subfield><subfield code="b">000020714380</subfield></datafield><datafield ind1=" " ind2=" " tag="037"><subfield code="b">Pho&#770;&#769; Nho&#777;, PO Box 5626, Springfield, VA 22150-5626</subfield></datafield><datafield ind1=" " ind2=" " tag="042"><subfield code="a">nsdp</subfield><subfield code="a">pcc</subfield></datafield><datafield ind1=" " ind2=" " tag="043"><subfield code="a">n-us-ny</subfield><subfield code="a">n-us-va</subfield></datafield><datafield ind1="1" ind2="0" tag="082"><subfield code="a">051</subfield><subfield code="2">12</subfield></datafield><datafield ind1="0" ind2=" " tag="210"><subfield code="a">Pho&#770;&#769; nho&#777;</subfield></datafield><datafield ind1=" " ind2="0" tag="222"><subfield code="a">Pho&#770;&#769; nho&#777;</subfield></datafield><datafield ind1="0" ind2="0" tag="245"><subfield code="a">Pho&#770;&#769; nho&#777;.</subfield></datafield><datafield ind1=" " ind2=" " tag="260"><subfield code="a">Springfield, Va. :</subfield><subfield code="b">Ph &#770;&#769;Nho&#777;</subfield></datafield><datafield ind1=" " ind2=" " tag="300"><subfield code="a">v. ;</subfield><subfield code="c">57 cm.</subfield></datafield><datafield ind1=" " ind2=" " tag="310"><subfield code="a">Weekly</subfield></datafield><datafield ind1="1" ind2=" " tag="362"><subfield code="a">Began in 1988.</subfield></datafield><datafield ind1=" " ind2=" " tag="500"><subfield code="a">Published in: Falls Church, Va. &lt;May 25, 2001&gt;-</subfield></datafield><datafield ind1=" " ind2=" " tag="546"><subfield code="a">In Vietnamese.</subfield></datafield><datafield ind1=" " ind2=" " tag="588"><subfield code="a">Description based on: So&#770;&#769; 234 (5-2-1993); title from caption.</subfield></datafield><datafield ind1=" " ind2=" " tag="588"><subfield code="a">Latest issue consulted: Vol. 14, no. 666 (May 25, 2001).</subfield></datafield><datafield ind1=" " ind2="0" tag="650"><subfield code="a">Vietnamese newspapers</subfield><subfield code="z">New York (State)</subfield></datafield><datafield ind1=" " ind2="0" tag="651"><subfield code="a">Falls Church (Va.)</subfield><subfield code="v">Newspapers.</subfield></datafield><datafield ind1=" " ind2="0" tag="651"><subfield code="a">Falls Church County (Va.)</subfield><subfield code="v">Newspapers.</subfield></datafield><datafield ind1=" " ind2="0" tag="651"><subfield code="a">Springfield (Va.)</subfield><subfield code="v">Newspapers.</subfield></datafield><datafield ind1=" " ind2="0" tag="651"><subfield code="a">Albemarle County (Va.)</subfield><subfield code="v">Newspapers.</subfield></datafield><datafield ind1=" " ind2=" " tag="752"><subfield code="a">United States</subfield><subfield code="b">Virginia</subfield><subfield code="c">Falls Church</subfield><subfield code="d">Falls Church.</subfield></datafield><datafield ind1=" " ind2=" " tag="752"><subfield code="a">United States</subfield><subfield code="b">Virginia</subfield><subfield code="c">Albemarle</subfield><subfield code="d">Springfield.</subfield></datafield><datafield ind1="4" ind2="1" tag="856"><subfield code="u">http://www.phonho.com</subfield></datafield></record>